%% This BibTeX bibliography file was created using BibDesk.
%% http://bibdesk.sourceforge.net/


%% Created for Marc Van Barel at 2017-04-29 14:41:17 +0200 


%% Saved with string encoding Unicode (UTF-8) 

@misc{Ballard2017,
	author = {Grey Ballard},
	title = {{Discovering Fast Matrix Multiplication
	Algorithms via Tensor Decomposition}},
	howpublished = "\url{http://users.wfu.edu/ballard/pdfs/CSE17.pdf}",
	day = {1},
	month = {March},
	year = {2017}, 
	note = "[Online]"
}

@article{Brockett78,
	Author = {Brockett, Roger W. and Dobkin, David},
	Date-Modified = {2017-04-29 12:39:58 +0000},
	Journal = {Linear Algebra and Its Applications},
	Number = {3},
	Pages = {207--235},
	Publisher = {Elsevier},
	Title = {On the optimal evaluation of a set of bilinear forms},
	Volume = {19},
	Year = {1978}}

@article{Hopcroft71,
	Author = {Hopcroft, John E. and Kerr, Leslie R.},
	Date-Modified = {2017-04-29 12:41:17 +0000},
	Journal = {SIAM Journal on Applied Mathematics},
	Number = {1},
	Pages = {30--36},
	Publisher = {SIAM},
	Title = {On minimizing the number of multiplications necessary for matrix multiplication},
	Volume = {20},
	Year = {1971}}

@article{Winograd71,
	Author = {Winograd, Shmuel},
	Journal = {Linear algebra and its applications},
	Number = {4},
	Pages = {381--388},
	Publisher = {Elsevier},
	Title = {On multiplication of $2 \times 2$ matrices},
	Volume = {4},
	Year = {1971}}

@article{DeGroote78,
	Author = {de Groote, Hans F.},
	Date-Modified = {2017-04-29 12:40:09 +0000},
	Journal = {Theoretical Computer Science},
	Number = {2},
	Pages = {127--148},
	Publisher = {Elsevier},
	Title = {On varieties of optimal algorithms for the computation of bilinear mappings II. Optimal algorithms for $2 \times 2$-matrix multiplication},
	Volume = {7},
	Year = {1978}}

@misc{Linderoth2017,
	Author = {Jeff Linderoth},
	Day = {17},
	Howpublished = {\url{http://www.focapo-cpc.org/pdf/Linderoth.pdf}},
	Month = {January},
	Note = {[Online]},
	Title = {{Mixed-Integer (Linear) Programming: Recent Advances, and Future Research Directions}},
	Year = {2017}}

@misc{MIPLIB2010,
	Author = {Gerald Gamrath et al.},
	Day = {28},
	Howpublished = {\url{http://miplib.zib.de/miplib2010-MBP.php}},
	Month = {February},
	Note = {[Online]},
	Title = {{MIPLIB 2010 - Mixed-binary programs}},
	Year = {2017}}

@misc{GurobiBench7,
	Author = {Gurobi Optimization},
	Day = {14},
	Howpublished = {\url{http://www.gurobi.com/pdfs/benchmarks.pdf}},
	Month = {March},
	Note = {[Online]},
	Title = {{Gurobi 7.0 Performance Benchmarks}},
	Year = {2017}}

@misc{CPLEXBench127,
	Author = {IBM},
	Day = {6},
	Howpublished = {\url{http://www-01.ibm.com/software/commerce/optimization/cplex-performance/}},
	Month = {November},
	Note = {[Online]},
	Title = {{CPLEX MIP performance evolution}},
	Year = {2016}}

@article{Tichavsky2017,
	Author = {Tichavsk\'y, Petr and Phan, Anh-Huy and Cichocki, Andrzej},
	Date-Added = {2017-02-25 07:46:48 +0000},
	Date-Modified = {2017-02-25 07:50:48 +0000},
	Journal = {Journal of Computational and Applied Mathematics},
	Pages = {362-370},
	Title = {Numerical {CP} decomposition of some difficult tensors},
	Volume = {317},
	Year = {2017}}

@article{Landsberg2017,
	Author = {Landsberg, J. M. and Michalek, Mateusz},
	Date-Added = {2017-02-23 15:39:59 +0000},
	Date-Modified = {2017-02-23 15:41:49 +0000},
	Journal = {SIAM J. Appl. Algebra Geometry},
	Number = {1},
	Pages = {2-19},
	Title = {On the geometry of border rank decompositions for matrix multiplication and other tensors with symmetry},
	Volume = {1},
	Year = {2017}}

@misc{tensorlab2016,
	Author = {Vervliet, N. and Debals, O. and Sorber, L. and Van Barel, M. and De Lathauwer, L.},
	Date-Added = {2017-02-23 13:33:16 +0000},
	Date-Modified = {2017-02-23 13:38:01 +0000},
	Howpublished = {Available online, March 2016, \url{http://www.tensorlab.net}},
	Title = {Tensorlab 3.0},
	Year = {2016}}

@article{Brocket1978,
	Author = {Brocket, R. and Dobkin, D.},
	Date-Added = {2017-02-23 13:31:04 +0000},
	Date-Modified = {2017-02-23 13:32:28 +0000},
	Journal = {Linear Algebra and its Applications},
	Number = {3},
	Pages = {207-235},
	Title = {On the optimal evaluation of a set of bilinear forms},
	Volume = {19},
	Year = {1978}}

@article{Benson2015,
	Author = {Benson, A. R. and Ballard, G.},
	Date-Added = {20-2-2017},
	Date-Modified = {20-2-2017},
	Journal = {in Proceedings of the 20th ACM SIGPLAN Symposium on Principles and Practice of Parallel Programming, ACM},
	Location = {New York},
	Pages = {42-53},
	Title = {A framework for practical parallel fast matrix multiplication},
	Year = {2015}}

@article{Smirnov2013,
	Author = {Smirnov, A. V.},
	Date-Added = {20-2-2017},
	Date-Modified = {20-2-2017},
	Journal = {Comput. Math. Math. Phys.},
	Pages = {1781--1795},
	Title = {The bilinear complexity and practical algorithms for matrix multiplication},
	Volume = {53},
	Year = {2013}}

@article{LeGall2014,
	Author = {Le Gall, F.},
	Date-Added = {20-2-2017},
	Date-Modified = {20-2-2017},
	Journal = {in Proceedings of the 39th International Symposium on Symbolic and Algebraic Computation, ACM},
	Location = {New York},
	Pages = {296-303},
	Title = {Powers of tensors and fast matrix multiplication},
	Year = {2014}}

@article{Strassen1969,
	Author = {Strassen, V.},
	Date-Added = {20-2-2017},
	Date-Modified = {20-2-2017},
	Journal = {Numer. Math.},
	Pages = {354-356},
	Title = {Gaussian elimination is not optimal},
	Volume = {13},
	Year = {1969}}

@article{Bini1980,
	Author = {Bini, D. and Lotti, G.},
	Date-Added = {20-2-2017},
	Date-Modified = {20-2-2017},
	Journal = {Numer. Math.},
	Pages = {63-72},
	Title = {Stability of fast algorithms for matrix multiplication},
	Volume = {36},
	Year = {1980}}

@article{Ballard2016,
	Author = {Ballard, G. and Benson, Austin R. and Druinsky, Alex and Lipshitz, Benjamin and Schwartz, Oded},
	Date-Added = {20-2-2017},
	Date-Modified = {20-2-2017},
	Journal = {SIAM J. Matrix Anal. Appl.},
	Number = {4},
	Pages = {1382-1418},
	Title = {Improving the numerical stability of fast matrix multiplication},
	Volume = {37},
	Year = {2016}}

@article{Pan1984,
	Author = {Pan, V.},
	Date-Added = {20-2-2017},
	Date-Modified = {20-2-2017},
	Journal = {SIAM Review},
	Number = {3},
	Title = {How can we speed up matrix multiplication?},
	Volume = {26},
	Year = {1984}}

@article{Coppersmith1987,
	Author = {Coppersmith, D. and Winograd, S.},
	Date-Added = {20-2-2017},
	Date-Modified = {20-2-2017},
	Journal = {Proc. 19th Ann. ACM Symp. on theory of Computing},
	Pages = {1-6},
	Title = {Matrix Multiplication via Arithmetic Progressions},
	Year = {1987}}

@article{Cohn2005,
	Author = {Cohn, H. and Kleinberg, R. and Szegedy, B. and Umans, C.},
	Date-Added = {20-2-2017},
	Date-Modified = {20-2-2017},
	Journal = {Proc. IEEE Symp. Found. Comput. Sci. (FOCS)},
	Pages = {379-388},
	Title = {Group-theoretic algorithms for matrix multiplication},
	Volume = {46},
	Year = {2005}}

@article{Cohn2003,
	Author = {Cohn, H. and Umans, C.},
	Date-Added = {20-2-2017},
	Date-Modified = {20-2-2017},
	Journal = {Proc. IEEE Symp. Found. Comput. Sci. (FOCS)},
	Pages = {438-449},
	Title = {A group-theoretic approach to fast matrix multiplication},
	Volume = {44},
	Year = {2003}}
